%%
%% some examples of bibtex entries, taken from graphbib
%% (http://www.siggraph.org/publications/bibliography/)
%%

@Article{Li:2010:PSO,
  title     = {Polynomial splines over general {T}-meshes},
  author    = {Xin Li and Jiansong Deng and Falai Chen},
  journal   = {The Visual Computer},
  volume    = 26,
  number    = 4,
  month     = apr,
  year      = 2010,
  pages     = {277-286},
}

@Article{Kazhdan:2008:SMF,
  title     = {Streaming Multigrid for Gradient-Domain Operations on Large Images},
  author    = {Michael Kazhdan and Hugues Hoppe},
  journal   = {ACM Transactions on Graphics},
  volume    = 27,
  number    = 3,
  month     = aug,
  year      = 2008,
  pages     = {Article 21, 10 pages},
}

@InProceedings{Peters:1997:BBC,
  title     = {Box-spline based {CSG} blends},
  author    = {J{\"{o}}rg Peters and Michael Wittman},
  booktitle = {SMA '97: Proceedings of the Fourth Symposium on Solid Modeling and Applications},
  month     = may,
  year      = 1997,
  pages     = {195-205},
}
