%% This BibTeX bibliography file was created using BibDesk.
%% http://bibdesk.sourceforge.net/


%% Created for Tuanfeng Y. Wang at 2014-09-17 09:44:32 +0800 


%% Saved with string encoding Unicode (UTF-8) 

@inproceedings{umetani2013cross,
  title={Cross-sectional structural analysis for 3D printing optimization},
  author={Umetani, Nobuyuki and Schmidt, Ryan},
  booktitle={SIGGRAPH Asia 2013 Technical Briefs},
  pages={5},
  year={2013},
  organization={ACM}
}

@article{luo2012chopper,
  title={Chopper: partitioning models into 3D-printable parts.},
  author={Luo, Linjie and Baran, Ilya and Rusinkiewicz, Szymon and Matusik, Wojciech},
  journal={ACM Trans. Graph.},
  volume={31},
  number={6},
  pages={129},
  year={2012},
  publisher={Citeseer}
}

@article{takezawa2011topology,
  title={Topology optimization for worst load conditions based on the eigenvalue analysis of an aggregated linear system},
  author={Takezawa, Akihiro and Nii, Satoru and Kitamura, Mitsuru and Kogiso, Nozomu},
  journal={Computer Methods in Applied Mechanics and Engineering},
  volume={200},
  number={25},
  pages={2268--2281},
  year={2011},
  publisher={Elsevier}
}

@misc{cherkaev1998stable,
  title={Stable optimal design for uncertain loading conditions},
  author={Cherkaev, Andrej and Cherkaeva, Elena and others},
  journal={Homogenization},
  year={1998},
  publisher={World Scientific, Singapore}
}

@incollection{cherkaev2004principal,
  title={Principal compliance and robust optimal design},
  author={Cherkaev, Elena and Cherkaev, Andrej},
  booktitle={The Rational Spirit in Modern Continuum Mechanics},
  pages={169--196},
  year={2004},
  publisher={Springer}
}

@inproceedings{yan2009isotropic,
  Author={Yan, Dong-Ming and L{\'e}vy, Bruno and Liu, Yang and Sun, Feng and Wang, Wenping},
  Booktitle={Computer Graphics Forum},
  Pages={1445--1454},
  Year={2009},
  Title={Isotropic remeshing with fast and exact computation of restricted Voronoi diagram},
  Organization={Wiley Online Library}
}


@book{chandrupatla1991introduction,
	Author = {Chandrupatla, Tirupathi R and Belegundu, Ashok D and Ramesh, T and Ray, Chaitali},
	Publisher = {Prentice-Hall Englewood Cliffs, NJ},
	Title = {Introduction to finite elements in engineering},
	Year = {1991}}

@book{Gibson:1999,
	Author = {Lorna J. Gibson and Michael F. Ashby},
	Edition = {2nd},
	Publisher = {Cambridge University Press},
	Title = {Cellular Solids: Structure and Properties},
	Year = {1999}}

@book{Huges:1987,
	Author = {Thomas J. R. Hughes},
	Publisher = {Prentice-Hall},
	Title = {The Finite Element Method: Linear Static and Dynamic Finite Element Analysis},
	Year = {1987}}

@article{Lu:2014,
	Author = {Lu, Lin and Sharf, Andrei and Zhao, Haisen and Wei, Yuan and Fan, Qingnan and Chen, Xuelin and Savoye, Yann and Tu, Changhe and Cohen-Or, Daniel and Chen, Baoquan},
	Journal = {ACM Trans. Graph. (Proc. SIGGRAPH)},
	Month = {August},
	Number = {4},
	Pages = {97:1--97:10},
	Title = {Build-to-Last: Strength to Weight 3D Printed Objects},
	Volume = {33},
	Year = {2014}}

@article{Chen:2007,
	Author = {Chen, Yong},
	Journal = {Computer-Aided Design and Applications},
	Number = {6},
	Pages = {761--771},
	Title = {{3D texture mapping for rapid manufacturing}},
	Volume = {4},
	Year = {2007}}

@article{wang:2013,
	Author = {Wang, Weiming and Wang, Tuanfeng Y and Yang, Zhouwang and Liu, Ligang and Tong, Xin and Tong, Weihua and Deng, Jiansong and Chen, Falai and Liu, Xiuping},
	Journal = {ACM Transactions on Graphics (TOG)},
	Number = {6},
	Pages = {177},
	Publisher = {ACM},
	Title = {Cost-effective printing of 3D objects with skin-frame structures},
	Volume = {32},
	Year = {2013}}

@article{cwang:2013,
	Author = {Wang, Charlie CL and Chen, Yong},
	Journal = {Rapid Prototyping Journal},
	Number = {6},
	Pages = {395--406},
	Publisher = {Emerald Group Publishing Limited},
	Title = {Thickening freeform surfaces for solid fabrication},
	Volume = {19},
	Year = {2013}}

@article{bickel:2010,
	Author = {Bernd Bickel and Moritz B{\"{a}}cher and Miguel A. Otaduy and Hyunho Richard Lee and Hanspeter Pfister and Markus Gross and Wojciech Matusik},
	Journal = {ACM Trans. on Graphics (Proc. SIGGRAPH)},
	Number = {3},
	Title = {Design and Fabrication of Materials with Desired Deformation Behavior},
	Volume = {29},
	Year = {2010}}

@article{bickel:2012,
	Author = {Bickel, Bernd and Kaufmann, Peter and Skouras, M{\'e}lina and Thomaszewski, Bernhard and Bradley, Derek and Beeler, Thabo and Jackson, Phil and Marschner, Steve and Matusik, Wojciech and Gross, Markus},
	Journal = {ACM Transactions on Graphics (TOG)},
	Number = {4},
	Pages = {118},
	Publisher = {ACM},
	Title = {Physical face cloning},
	Volume = {31},
	Year = {2012}}

@article{li:2013,
	Author = {Li, Hao and Vouga, Etienne and Gudym, Anton and Luo, Linjie and Barron, Jonathan T and Gusev, Gleb},
	Journal = {ACM Transactions on Graphics (TOG)},
	Number = {6},
	Pages = {187},
	Publisher = {ACM},
	Title = {3D Self-Portraits},
	Volume = {32},
	Year = {2013}}

@article{stava:2012,
	Author = {Stava, Ondrej and Vanek, Juraj and Benes, Bedrich and Carr, Nathan and M{\v{e}}ch, Radomir},
	Journal = {ACM Transactions on Graphics (TOG)},
	Number = {4},
	Pages = {48},
	Publisher = {ACM},
	Title = {Stress relief: improving structural strength of 3{D} printable objects},
	Volume = {31},
	Year = {2012}}

@article{song:2013,
	Author = {Peng Song and Chi-Wing Fu and Prashant Goswami and Jianmin Zheng and Niloy J. Mitra and Daniel Cohen-Or},
	Journal = {ACM Transactions on Graphics (SIGGRAPH 2013)},
	Month = {July},
	Note = {Article No. 94},
	Number = 4,
	Numpages = {10},
	Title = {Reciprocal Frame Structures Made Easy},
	Volume = 32,
	Year = {2013}}

@article{prevost:2013,
	Author = {Prevost, Romain and Whiting, Emily and Lefebvre, Sylvain and Sorkine-Hornung, Olga},
	Journal = {ACM Transactions on Graphics (TOG)},
	Number = {4},
	Pages = {81},
	Publisher = {ACM},
	Title = {Make it stand: balancing shapes for 3{D} fabrication},
	Volume = {32},
	Year = {2013}}

@inproceedings{umetani:2013,
	Author = {Umetani, Nobuyuki and Schmidt, Ryan},
	Booktitle = {SIGGRAPH Asia 2013 Technical Briefs},
	Organization = {ACM},
	Pages = {5},
	Title = {Cross-sectional structural analysis for 3{D} printing optimization},
	Year = {2013}}

@article{zhou:2013,
	Author = {Zhou, Qingnan and Panetta, Julian and Zorin, Denis},
	Journal = {ACM Transactions on Graphics (TOG)},
	Number = {4},
	Pages = {137},
	Publisher = {ACM},
	Title = {Worst-case structural analysis},
	Volume = {32},
	Year = {2013}}

@inproceedings{Yan:2010,
	Author = {Dong-Ming Yan and Wenping Wang and Bruno L\`evy and Yang Liu},
	Booktitle = {6th International Conference on Geometric Modeling and Processing (GMP 2010)},
	Pages = {269-282},
	Title = {Efficient Computation of {3D} Clipped {V}oronoi Diagram},
	Year = {2010}}

@article{hassani:2012,
	Author = {Hassani, Behrooz and Khanzadi, Mostafa and Tavakkoli, S Mehdi},
	Journal = {Structural and multidisciplinary optimization},
	Number = {2},
	Pages = {223--233},
	Publisher = {Springer},
	Title = {An isogeometrical approach to structural topology optimization by optimality criteria},
	Volume = {45},
	Year = {2012}}

@article{rozvany:2009,
	Author = {Rozvany, George IN},
	Journal = {Structural and Multidisciplinary Optimization},
	Number = {3},
	Pages = {217--237},
	Publisher = {Springer},
	Title = {A critical review of established methods of structural topology optimization},
	Volume = {37},
	Year = {2009}}

@book{rozvany:1989,
	Author = {Rozvany, George IN},
	Publisher = {Springer},
	Title = {Structural design via optimality criteria},
	Year = {1989}}

@article{belytschko:2003,
	Author = {Belytschko, T and Xiao, SP and Parimi, C},
	Journal = {International Journal for Numerical Methods in Engineering},
	Number = {8},
	Pages = {1177--1196},
	Publisher = {Wiley Online Library},
	Title = {Topology optimization with implicit functions and regularization},
	Volume = {57},
	Year = {2003}}

@book{bendsoe:2003,
	Author = {Bendsoe, Martin Philip and Sigmund, Ole},
	Publisher = {Springer},
	Title = {Topology optimization: theory, methods and applications},
	Year = {2003}}

@inproceedings{wang:2005,
	Author = {Wang, Hongqing and Chen, Yong and Rosen, David W},
	Booktitle = {ASME 2005 International Design Engineering Technical Conferences and Computers and Information in Engineering Conference},
	Organization = {American Society of Mechanical Engineers},
	Pages = {421--427},
	Title = {A hybrid geometric modeling method for large scale conformal cellular structures},
	Year = {2005}}

@book{Nocedal:2006,
	Author = {J. Nocedal and S. Wright},
	Edition = {2nd},
	Publisher = {Springer},
	Title = {Numerical Optimization},
	Year = {2006}}

@article{Smith:2002,
	Author = {Smith, Jeffrey and Hodgins, Jessica and Oppenheim, Irving and Witkin, Andrew},
	Journal = {ACM Trans. Graph. (Proc. SIGGRAPH)},
	Number = {3},
	Pages = {295--301},
	Publisher = {ACM},
	Title = {Creating models of truss structures with optimization},
	Volume = {21},
	Year = {2002}}

@book{serway2013physics,
	Author = {Serway, Raymond and Jewett, John},
	Publisher = {Cengage Learning},
	Title = {Physics for Scientists and Engineers},
	Year = {2013}}

@book{DOLFIN,
	Author = {Anders Logg and Garth N. Wells and Johan Hake},
	Publisher = {Springer},
	Title = {DOLFIN: a C++/Python Finite Element Library},
	Year = {2012}}

@misc{Shapeways:2012:hollow,
	Author = {Shapeways},
	Howpublished = {\url{http://www.shapeways.com/tutorials/creating-hollow-objects.html}},
	Title = {Tutorial: How to Hollow Objects for 3{D} Printing},
	Year = {2012}}

@book{Parlett:1998,
	Author = {Parlett, Beresford N},
	Publisher = {Prentice-Hall, Inc.},
	Title = {The Symmetric Eigenvalue Problem},
	Year = {1998}}

@article{Crapo:1979,
	Author = {Crapo, Henry},
	Journal = {Structural Topology},
	Number = {26-45},
	Title = {Structural rigidity},
	Volume = {1},
	Year = {1979}}

@inbook{Kindinger:2001,
	Author = {Kindinger, J.},
	Booktitle = {ASM Handbook 21},
	Editor = {Miracle, Daniel B and Donaldson, Steven L and Henry, Scott D and Moosbrugger, Charles and Anton, Gayle J and Sanders, Bonnie R and Hrivnak, Nancy and Terman, Carol and Kinson, Jill and Muldoon, Kathryn and others},
	Pages = {180--183},
	Publisher = {ASM Handbook 21},
	Title = {Lightweight structural core},
	Year = {2001}}

@article{Haftka:1986,
	Author = {Haftka, Raphael T and Grandhi, Ramana V},
	Journal = {Computer Methods in Applied Mechanics and Engineering},
	Number = {1},
	Pages = {91--106},
	Publisher = {Elsevier},
	Title = {Structural shape optimization �� a survey},
	Volume = {57},
	Year = {1986}}

@article{Rosenberg:1980,
	Author = {Rosenberg, IG},
	Journal = {Annals of Discrete Mathematics},
	Pages = {143--161},
	Publisher = {Elsevier},
	Title = {Structural rigidity I: Foundations and rigidity criteria},
	Volume = {8},
	Year = {1980}}

@article{wang2003level,
	Author = {Wang, Michael Yu and Wang, Xiaoming and Guo, Dongming},
	Journal = {Computer methods in applied mechanics and engineering},
	Number = {1},
	Pages = {227--246},
	Publisher = {Elsevier},
	Title = {A level set method for structural topology optimization},
	Volume = {192},
	Year = {2003}}

@article{Allaire:2004,
	Author = {Allaire, Gr{\'e}goire and Jouve, Fran{\c{c}}ois and Toader, Anca-Maria},
	Journal = {Journal of computational physics},
	Number = {1},
	Pages = {363--393},
	Publisher = {Elsevier},
	Title = {Structural optimization using sensitivity analysis and a level-set method},
	Volume = {194},
	Year = {2004}}

@article{bacher2014spin,
	Author = {B{\"a}cher, Moritz and Whiting, Emily and Bickel, Bernd and Sorkine-Hornung, Olga},
	Journal = {ACM Transactions on Graphics (TOG)},
	Number = {4},
	Pages = {96},
	Publisher = {ACM},
	Title = {Spin-it: optimizing moment of inertia for spinnable objects},
	Volume = {33},
	Year = {2014}}
